@article{Grassle1999,
  title={A Global Ocean Biogeographic Information System ({OBIS}) for the Census of Marine Life},
  author={Grassle, J Frederick and Stocks, Karen},
  journal={Oceanography},
  volume={12},
  number={3},
  pages={12--14},
  year={1999},
  doi={10.5670/oceanog.1999.03}
}

@article{dorm2025large,
  title={Large language models possess some ecological knowledge, but how much?},
  author={Dorm, Filip and Millard, Joseph and Purves, Drew and Harfoot, Michael and Mac Aodha, Oisin},
  journal={bioRxiv},
  pages={2025--02},
  year={2025},
  publisher={Cold Spring Harbor Laboratory}
}

@article{goldsworthy2013trophodynamics,
  title={Trophodynamics of the eastern Great Australian Bight ecosystem: Ecological change associated with the growth of Australia's largest fishery},
  author={Goldsworthy, Simon D and Page, Brad and Rogers, Paul J and Bulman, Cathy and Wiebkin, Annelise and McLeay, Lachlan J and Einoder, Luke and Baylis, Alastair MM and Braley, Michelle and Caines, Robin and others},
  journal={Ecological Modelling},
  volume={255},
  pages={38--57},
  year={2013},
  publisher={Elsevier}
}


@inproceedings{nugraha2024traditional,
  title={From Traditional to Innovation: Large Language Models in Fisheries Data Extraction},
  author={Nugraha, Fitra Septia and Saputra, Irwansyah and Triana, Heru and Wahyudi, Mochamad and Radiyah, Ummu and Prasetyo, Arfhan and Faisal, Muhammad and Siregar, Juarni and others},
  booktitle={2024 International Conference on Information Technology Research and Innovation (ICITRI)},
  pages={305--310},
  year={2024},
  organization={IEEE}
}

@article{castro2024large,
  title={Large language models overcome the challenges of unstructured text data in ecology},
  author={Castro, Andry and Pinto, Jo{\~a}o and Reino, Lu{\'\i}s and Pipek, Pavel and Capinha, C{\'e}sar},
  journal={Ecological Informatics},
  volume={82},
  pages={102742},
  year={2024},
  publisher={Elsevier}
}


@article{Fulton2018,
  title = {Modelling the {Great Australian Bight} Ecosystem},
  author = {Fulton, E.A. and Bulman, C.M. and Pethybridge, H. and Goldsworthy, S.D.},
  journal = {Deep Sea Research Part II: Topical Studies in Oceanography},
  volume = {157-158},
  pages = {211-235},
  year = {2018},
  doi = {10.1016/j.dsr2.2018.11.002},
  issn = {0967-0645}
}

@article{tanhua2019ocean,
  title={Ocean FAIR data services},
  author={Tanhua, Toste and Pouliquen, Sylvie and Hausman, Jessica and Oâ€™brien, Kevin and Bricher, Pip and De Bruin, Taco and Buck, Justin JH and Burger, Eugene F and Carval, Thierry and Casey, Kenneth S and others},
  journal={Frontiers in Marine Science},
  volume={6},
  pages={440},
  year={2019},
  publisher={Frontiers Media SA}
}



@misc{Chroma2024,
  title={Chroma - The AI-native open-source embedding database},
  author={{Chroma}},
  year={2024},
  url={https://docs.trychroma.com/docs/overview/introduction},
  note={Accessed: 2024}
}

@article{GBIF2024,
  title={{GBIF}: The Global Biodiversity Information Facility},
  author={{GBIF}},
  year={2024},
  journal={Global Biodiversity Information Facility},
  url={https://www.gbif.org},
  note={What is GBIF?}
}

@article{spillias2024human,
  title={Human-AI collaboration to identify literature for evidence synthesis},
  author={Spillias, Scott and Tuohy, Paris and Andreotta, Matthew and Annand-Jones, Ruby and Boschetti, Fabio and Cvitanovic, Christopher and Duggan, Joseph and Fulton, Elisabeth A and Karcher, Denis B and Paris, Cecile and others},
  journal={Cell Reports Sustainability},
  volume={1},
  number={7},
  year={2024},
  publisher={Elsevier}
}

@article{keck2025extracting,
  title={Extracting massive ecological data on state and interactions of species using large language models},
  author={Keck, Francois and Broadbent, Henry and Altermatt, Florian},
  journal={bioRxiv},
  pages={2025--01},
  year={2025},
  publisher={Cold Spring Harbor Laboratory}
}

@article{spillias2024evaluating,
  title={Evaluating Generative AI to Extract Qualitative Data from Peer-Reviewed Documents},
  author={Spillias, Scott and Ollerhead, Katherine and Andreotta, Matthew and Annand-Jones, Ruby and Boschetti, Fabio and Duggan, Joseph and Karcher, Denis and Paris, Cecile and Shellock, Rebecca and Trebilco, Rowan},
  year={2024}
}

@article{Geary2020,
  title={A guide to ecosystem models and their environmental applications},
  author={Geary, William L and Bode, Michael and Doherty, Tim S and Fulton, Elizabeth A and Nimmo, Dale G and Tulloch, Ayesha IT and Tulloch, Vivitskaia JD and Ritchie, Euan G},
  journal={Nature Ecology \& Evolution},
  volume={4},
  pages={1459--1471},
  year={2020},
  doi={10.1038/s41559-020-01298-8}
}

@article{spilliasfuture,
  title={The Future of Artificial Intelligence in Ecosystem Modelling},
  author={Spillias, Scott and Trebilco, Rowan and Adams, Matthew P and Boschetti, Fabio and Constable, Andrew and Dunstan, Piers and Ferrier, Simon and Porobic, Javier and Grimberg, Einat and Grigg, Nicky and others},
  journal={SSRN preprint},
  year={2024}
}


@article{Christensen2008,
  title={Ecological and economic modeling of the {Baltic Sea}: A review of applications 1970-2007},
  author={Christensen, Villy and Walters, Carl J and Pauly, Daniel and Forrest, Robyn},
  journal={ICES Journal of Marine Science},
  volume={65},
  number={9},
  pages={1715--1724},
  year={2008},
  publisher={Oxford University Press}
}

@article{Christensen2009b,
  title={Database-driven models of the world's {Large Marine Ecosystems}},
  author={Christensen, Villy and Walters, Carl J and Ahrens, Robert and Alder, Jacqueline and Buszowski, Joe and Christensen, Line Bang and Cheung, William WL and Dunne, John and Froese, Rainer and Karpouzi, Vasiliki and others},
  journal={Ecological Modelling},
  volume={220},
  number={17},
  pages={1984--1996},
  year={2009},
  publisher={Elsevier}
}

@article{ChristensenPauly1993,
  title={Flow characteristics of aquatic ecosystems},
  author={Christensen, Villy and Pauly, Daniel},
  journal={Trophic models of aquatic ecosystems},
  volume={26},
  pages={338--352},
  year={1993},
  publisher={ICLARM Conference Proceedings}
}

@article{Agathokleous2023,
  title={Use of {ChatGPT}: What does it mean for biology and environmental science?},
  author={Agathokleous, E and Saitanis, CJ and Fang, C and Yu, Z},
  journal={Science of The Total Environment},
  volume={888},
  pages={164154},
  year={2023}
}

@article{Rillig2024,
  title={How widespread use of generative {AI} for images and video can affect the environment and the science of ecology},
  author={Rillig, Matthias C and Mansour, India and Hempel, Stefan and Bi, Mengmeng and K{\"o}nig-Ries, Birgitta and Kasirzadeh, Atoosa},
  journal={Ecology Letters},
  volume={27},
  pages={e14397},
  year={2024}
}

@article{Plaganyi2014,
  title={Multispecies fisheries management and conservation: tactical applications using models of intermediate complexity},
  author={Plag{\'a}nyi, {\'E}va E and Punt, Andr{\'e} E and Hillary, Richard and Morello, Elisabetta B and Th{\'e}baud, Olivier and Hutton, Trevor and Pillans, Richard D and Thorson, James T and Fulton, Elizabeth A and Smith, Anthony DM and others},
  journal={Fish and Fisheries},
  volume={15},
  number={1},
  pages={1--22},
  year={2014},
  publisher={Wiley Online Library}
}

@article{Christensen2004,
  title={{Ecopath} with {Ecosim}: methods, capabilities and limitations},
  author={Christensen, Villy and Walters, Carl J},
  journal={Ecological Modelling},
  volume={172},
  number={2-4},
  pages={109--139},
  year={2004},
  publisher={Elsevier}
}

@article{Colleter2015,
  title={Global overview of the applications of the {Ecopath} with {Ecosim} modeling approach using the {EcoBase} models repository},
  author={Coll{\'e}ter, Mathieu and Valls, Audrey and Guitton, J{\'e}r{\^o}me and Gascuel, Didier and Pauly, Daniel and Christensen, Villy},
  journal={Ecological Modelling},
  volume={302},
  pages={42--53},
  year={2015},
  publisher={Elsevier}
}

@article{Coll2015,
  title={Modelling dynamic ecosystems: venturing beyond boundaries with the {Ecopath} approach},
  author={Coll, Marta and Akoglu, Ekin and Arregu{\'\i}n-S{\'a}nchez, Francisco and Fulton, Elizabeth A and Gascuel, Didier and Heymans, Johanna J and Libralato, Simone and Mackinson, Steven and Palomera, Isabel and Piroddi, Chiara and others},
  journal={Reviews in Fish Biology and Fisheries},
  volume={25},
  number={2},
  pages={413--424},
  year={2015},
  publisher={Springer}
}

@article{Villasante2016,
  title={Modelling complex systems of multiple species for ecosystem based management},
  author={Villasante, Sebastian and Arregu{\'\i}n-S{\'a}nchez, Francisco and Heymans, Johanna J and Libralato, Simone and Piroddi, Chiara and Christensen, Villy and Coll, Marta},
  journal={Ecological Modelling},
  volume={326},
  pages={68--76},
  year={2016},
  publisher={Elsevier}
}

@article{Holden2024a,
  title={Why shouldn't {I} collect more data? {Reconciling} disagreements between intuition and value of information analyses},
  author={Holden, Matthew H and Akinlotan, Moyin D and Binley, Andrew D and Cho, Fiona HT and Helmstedt, Kate J and Chad{\`e}s, Iadine},
  journal={Methods in Ecology and Evolution},
  volume={15},
  pages={1580--1592},
  year={2024},
  doi={10.1111/2041-210X.14391}
}

@article{Holden2024b,
  title={Cost--benefit analysis of ecosystem modeling to support fisheries management},
  author={Holden, Matthew H and Plag{\'a}nyi, {\'E}va E and Fulton, Elizabeth A and Campbell, Alexander B and Janes, Rhys and Lovett, Rebecca A and Wickens, Megan and Adams, Matthew P and Botelho, Lara L and Dichmont, Catherine M and others},
  journal={Journal of Fish Biology},
  volume={104},
  pages={1667--1674},
  year={2024},
  doi={10.1111/jfb.15741}
}

@article{Lapeyrolerie2022,
  title={Deep reinforcement learning for conservation decisions},
  author={Lapeyrolerie, Mathieu and Chapman, Maura S and Norman, Kira EA and Boettiger, Carl},
  journal={Methods in Ecology and Evolution},
  volume={13},
  pages={2649--2662},
  year={2022},
  doi={10.1111/2041-210X.13954}
}

@article{Tuia2022,
  title={Perspectives in machine learning for wildlife conservation},
  author={Tuia, Devis and Kellenberger, Benjamin and Beery, Sara and Costelloe, Blair R and Zuffi, Silvia and Risse, Benjamin and Mathis, Alexander and Mathis, Mackenzie W and van Langevelde, Frank and Burghardt, Tilo and others},
  journal={Nature Communications},
  volume={13},
  pages={1--15},
  year={2022}
}

@article{Karniadakis2021,
  title={Physics-informed machine learning},
  author={Karniadakis, George Em and Kevrekidis, Ioannis G and Lu, Lu and Perdikaris, Paris and Wang, Sifan and Yang, Liu},
  journal={Nature Reviews Physics},
  volume={3},
  number={6},
  pages={422--440},
  year={2021},
  doi={10.1038/s42254-021-00314-5}
}

@article{Kelling2009,
  title={Data-intensive science: a new paradigm for biodiversity studies},
  author={Kelling, Steve and Hochachka, Wesley M and Fink, Daniel and Riedewald, Mirek and Caruana, Rich and Ballard, Grant and Hooker, Giles},
  journal={BioScience},
  volume={59},
  number={7},
  pages={613--620},
  year={2009},
  publisher={Oxford University Press}
}

@article{Kommineni2024,
  title={Harnessing multiple {LLMs} for Information Retrieval: A case study on Deep Learning methodologies in Biodiversity publications},
  author={Kommineni, V K and K{\"o}nig-Ries, B and Samuel, S},
  journal={arXiv preprint arXiv:2411.09269},
  year={2024}
}

@article{Michener2012,
  title={Ecoinformatics: supporting ecology as a data-intensive science},
  author={Michener, William K and Jones, Matthew B},
  journal={Trends in Ecology \& Evolution},
  volume={27},
  number={2},
  pages={85--93},
  year={2012},
  publisher={Elsevier}
}

@article{PlaganyiButterworth2004,
  title={A critical look at the potential of {Ecopath} with {Ecosim} to assist in practical fisheries management},
  author={Plag{\'a}nyi, {\'E}va E and Butterworth, Doug S},
  journal={African Journal of Marine Science},
  volume={26},
  number={1},
  pages={261--287},
  year={2004},
  publisher={Taylor \& Francis}
}

@article{ChristensenWalters2011,
  title={Progress in the use of ecosystem models for fisheries management},
  author={Christensen, Villy and Walters, Carl J},
  journal={Ecosystem Approaches to Fisheries: A Global Perspective},
  pages={189--205},
  year={2011},
  publisher={Cambridge University Press}
}

@article{Heymans2016,
  title={Best practice in {Ecopath} with {Ecosim} food-web models for ecosystem-based management},
  author={Heymans, Johanna J and Coll, Marta and Link, Jason S and Mackinson, Steven and Steenbeek, Jeroen and Walters, Carl and Christensen, Villy},
  journal={Ecological Modelling},
  volume={331},
  pages={173--184},
  year={2016},
  publisher={Elsevier}
}

@Manual{robis,
  title = {{robis}: An {R} Client for the Ocean Biodiversity Information System},
  author = {Scott Chamberlain},
  year = {2020},
  note = {R package version 0.2.0},
  url = {https://cran.r-project.org/package=robis}
}

@misc{froese2010fishbase,
  title={{FishBase}},
  author={Froese, Rainer and Pauly, Daniel and others},
  year={2010},
  publisher={Fisheries Centre, University of British Columbia Los Ba{\~n}os, Philippines}
}

@article{Poelen2014,
  title={Global biotic interactions: An open infrastructure to share and analyze species-interaction datasets},
  author={Poelen, Jorrit H and Simons, James D and Mungall, Chris J},
  journal={Ecological Informatics},
  volume={24},
  pages={148--159},
  year={2014},
  doi={10.1016/j.ecoinf.2014.08.005}
}

@article{costello2013global,
  title={Global coordination and standardisation in marine biodiversity through the {World Register of Marine Species} ({WoRMS}) and related databases},
  author={Costello, Mark J and Bouchet, Philippe and Boxshall, Geoff and Fauchald, Kristian and Gordon, Dennis and Hoeksema, Bert W and Poore, Gary CB and van Soest, Rob WM and St{\"o}hr, Sabine and Walter, T Chad and others},
  journal={PloS one},
  volume={8},
  number={1},
  pages={e51629},
  year={2013},
  publisher={Public Library of Science San Francisco, USA}
}

@techreport{Anthropic2024,
  title={Claude 3 Model Card},
  author={{Anthropic}},
  year={2024},
  institution={Anthropic},
  type={Technical Documentation},
  url={https://assets.anthropic.com/m/61e7d27f8c8f5919/original/Claude-3-Model-Card.pdf}
}

@article{Fernandes2024,
  title={Artificial intelligence in the aquaculture industry: Current state, challenges and future directions},
  author={Fernandes, S and D'Mello, A},
  journal={Aquaculture},
  pages={742048},
  year={2024},
  publisher={Elsevier}
}

@article{Zheng2023,
  title={{MarineGPT}: Unlocking Secrets of Ocean to the Public},
  author={Zheng, Z and Zhang, J and Vu, T A and Diao, S and Tim, Y H W and Yeung, S K},
  journal={arXiv preprint arXiv:2310.13596},
  year={2023}
}

@article{Chen2024,
  title={A deep learning classification framework for research methods of marine protected area management},
  author={Chen, M and Xu, Z},
  journal={Journal of Environmental Management},
  year={2024},
  publisher={Elsevier}
}

@article{Li2024,
  title={LITE: Modeling Environmental Ecosystems with Multimodal Large Language Models},
  author={Li, Haoran and Liu, Junqi and Wang, Zexian and Luo, Shiyuan and Jia, Xiaowei and Yao, Huaxiu},
  journal={Conference on Language Models (COLM)},
  year={2024}
}

@article{Kuhn2024,
  title={Machine Learning Applications for Fisheriesâ€”At Scales from Genomics to Ecosystems},
  author={Kuhn, B and Cayetano, A and Fincham, J},
  journal={Reviews in Fisheries Science},
  year={2024},
  publisher={Taylor \& Francis}
}

@article{Guo2025,
  title={Environmental large language model Evaluation ({ELLE}) dataset: A Benchmark for Evaluating Generative {AI} Applications in Eco-environment Domain},
  author={Guo, J and Li, N and Xu, M},
  journal={arXiv preprint arXiv:2501.06277},
  year={2025}
}
