@article{Christensen2004,
  title={Ecopath with Ecosim: methods, capabilities and limitations},
  author={Christensen, Villy and Walters, Carl J},
  journal={Ecological Modelling},
  volume={172},
  number={2-4},
  pages={109--139},
  year={2004},
  publisher={Elsevier}
}

@article{Colleter2015,
  title={Global overview of the applications of the Ecopath with Ecosim modeling approach using the EcoBase models repository},
  author={Coll{\'e}ter, Mathieu and Valls, Audrey and Guitton, J{\'e}r{\^o}me and Gascuel, Didier and Pauly, Daniel and Christensen, Villy},
  journal={Ecological Modelling},
  volume={302},
  pages={42--53},
  year={2015},
  publisher={Elsevier}
}

@article{Coll2015,
  title={Modelling dynamic ecosystems: venturing beyond boundaries with the Ecopath approach},
  author={Coll, Marta and Akoglu, Ekin and Arregu{\'\i}n-S{\'a}nchez, Francisco and Fulton, Elizabeth A and Gascuel, Didier and Heymans, Johanna J and Libralato, Simone and Mackinson, Steven and Palomera, Isabel and Piroddi, Chiara and others},
  journal={Reviews in Fish Biology and Fisheries},
  volume={25},
  number={2},
  pages={413--424},
  year={2015},
  publisher={Springer}
}

@article{Villasante2016,
  title={Modelling complex systems of multiple species for ecosystem based management},
  author={Villasante, Sebastian and Arregu{\'\i}n-S{\'a}nchez, Francisco and Heymans, Johanna J and Libralato, Simone and Piroddi, Chiara and Christensen, Villy and Coll, Marta},
  journal={Ecological Modelling},
  volume={326},
  pages={68--76},
  year={2016},
  publisher={Elsevier}
}

@techreport{FAO2003,
  title={The ecosystem approach to fisheries: issues, terminology, principles, institutional foundations, implementation and outlook},
  author={FAO},
  year={2003},
  institution={Food and Agriculture Organization of the United Nations},
  number={443}
}

@techreport{EuropeanCommission2013,
  title={Regulation (EU) No 1380/2013 of the European Parliament and of the Council of 11 December 2013 on the Common Fisheries Policy},
  author={{European Commission}},
  year={2013},
  institution={Official Journal of the European Union}
}

@techreport{NOAA2016,
  title={Ecosystem-Based Fisheries Management Policy},
  author={{National Oceanic and Atmospheric Administration}},
  year={2016},
  institution={NOAA Fisheries}
}

@article{Collie2016,
  title={Ecosystem models for fisheries management: finding the sweet spot},
  author={Collie, Jeremy S and Botsford, Louis W and Hastings, Alan and Kaplan, Isaac C and Largier, John L and Livingston, Patricia A and Plagányi, Éva and Rose, Kenneth A and Wells, Brian K and Werner, Francisco E},
  journal={Fish and Fisheries},
  volume={17},
  pages={101--125},
  year={2016},
  doi={10.1111/faf.12093}
}

@article{PlaganyiButterworth2004,
  title={A critical look at the potential of Ecopath with Ecosim to assist in practical fisheries management},
  author={Plagányi, {\'E}va E and Butterworth, Doug S},
  journal={African Journal of Marine Science},
  volume={26},
  number={1},
  pages={261--287},
  year={2004},
  publisher={Taylor \& Francis}
}

@article{Heymans2016,
  title={Best practice in Ecopath with Ecosim food-web models for ecosystem-based management},
  author={Heymans, Johanna J and Coll, Marta and Link, Jason S and Mackinson, Steven and Steenbeek, Jeroen and Walters, Carl and Christensen, Villy},
  journal={Ecological Modelling},
  volume={331},
  pages={173--184},
  year={2016},
  publisher={Elsevier}
}

@article{Link2010,
  title={Adding rigor to ecological network models by evaluating a set of pre-balance diagnostics: a plea for PREBAL},
  author={Link, Jason S},
  journal={Ecological Modelling},
  volume={221},
  number={12},
  pages={1582--1593},
  year={2010},
  publisher={Elsevier}
}

@article{Plaganyi2007,
  title={Models for an ecosystem approach to fisheries},
  author={Plagányi, {\'E}va E},
  journal={FAO Fisheries Technical Paper},
  volume={477},
  year={2007},
  publisher={FAO}
}
